
@article{articolo_prova,
	title = {Titolo},
	url = {link articolo},
	author = {Autore 1, Autore 2},
	month = jul,
	year = {2018}
}